<record><leader>00000cas a2200000 a 4500</leader><controlfield tag="001">48700128</controlfield><controlfield tag="008">020104d19571957iluwr ne      0   a0eng c</controlfield><datafield ind1=" " ind2=" " tag="010"><subfield code="a">sn2002060703</subfield></datafield><datafield ind1=" " ind2=" " tag="040"><subfield code="a">CVF</subfield><subfield code="b">eng</subfield><subfield code="c">CVF</subfield><subfield code="d">OCLCQ</subfield><subfield code="d">OCLCF</subfield><subfield code="d">OCLCO</subfield><subfield code="d">NVF</subfield><subfield code="d">OCLCO</subfield></datafield><datafield ind1="1" ind2=" " tag="029"><subfield code="a">AU@</subfield><subfield code="b">000023291902</subfield></datafield><datafield ind1=" " ind2=" " tag="042"><subfield code="a">pcc</subfield></datafield><datafield ind1=" " ind2=" " tag="043"><subfield code="a">n-us-il</subfield></datafield><datafield ind1="0" ind2="0" tag="245"><subfield code="a">Stickney bulletin.</subfield></datafield><datafield ind1=" " ind2=" " tag="260"><subfield code="a">Stickney Township, Ill. :</subfield><subfield code="b">Vondrak Publications,</subfield><subfield code="c">1957.</subfield></datafield><datafield ind1=" " ind2=" " tag="300"><subfield code="a">volumes</subfield></datafield><datafield ind1=" " ind2=" " tag="310"><subfield code="a">Weekly</subfield></datafield><datafield ind1="0" ind2=" " tag="362"><subfield code="a">-v. 6, no. 45 (Nov. 7, 1957).</subfield></datafield><datafield ind1=" " ind2=" " tag="515"><subfield code="a">Numbering irregular.</subfield></datafield><datafield ind1=" " ind2=" " tag="580"><subfield code="a">Merged with: Hometown record, and: Oak Lawn suburbanite, to form: Southwest suburbanite.</subfield></datafield><datafield ind1=" " ind2=" " tag="588"><subfield code="a">Description based on: Vol. 10, no. 23 (June 6, 1957).</subfield></datafield><datafield ind1=" " ind2="0" tag="651"><subfield code="a">Stickney (Ill.)</subfield><subfield code="v">Newspapers.</subfield></datafield><datafield ind1=" " ind2="0" tag="651"><subfield code="a">Stickney (Ill. : Township)</subfield><subfield code="v">Newspapers.</subfield></datafield><datafield ind1=" " ind2="7" tag="651"><subfield code="a">Illinois</subfield><subfield code="z">Stickney.</subfield><subfield code="2">fast</subfield><subfield code="0">(OCoLC)fst01250147</subfield></datafield><datafield ind1=" " ind2="7" tag="655"><subfield code="a">Newspapers.</subfield><subfield code="2">fast</subfield><subfield code="0">(OCoLC)fst01423814</subfield></datafield><datafield ind1=" " ind2=" " tag="752"><subfield code="a">United States</subfield><subfield code="b">Illinois</subfield><subfield code="c">Cook</subfield><subfield code="d">Stickney Township.</subfield></datafield><datafield ind1="1" ind2="7" tag="785"><subfield code="t">Hometown record</subfield><subfield code="w">(DLC)sn2002060702</subfield><subfield code="w">(OCoLC)48700108</subfield></datafield><datafield ind1="1" ind2="7" tag="785"><subfield code="t">Oak Lawn suburbanite</subfield><subfield code="w">(DLC)sn2002060701</subfield><subfield code="w">(OCoLC)48700077</subfield></datafield><datafield ind1="1" ind2="7" tag="785"><subfield code="t">Southwest suburbanite</subfield><subfield code="w">(DLC)sn2002060704</subfield><subfield code="w">(OCoLC)48700163</subfield></datafield></record>